@article {MR1972892,
    AUTHOR = {Adriaenssens, Jan and Le Bruyn, Lieven},
     TITLE = {Local quivers and stable representations},
   JOURNAL = {Comm. Algebra},
  FJOURNAL = {Communications in Algebra},
    VOLUME = {31},
      YEAR = {2003},
    NUMBER = {4},
     PAGES = {1777--1797},
   MRCLASS = {16G20 (14L30)},
  MRNUMBER = {1972892},
MRREVIEWER = {Raf\ Bocklandt},
       DOI = {10.1081/AGB-120018508},
}

@article{MR0999313,
    AUTHOR = {Drezet, J.-M. and Narasimhan, M. S.},
     TITLE = {Groupe de {P}icard des vari\'{e}t\'{e}s de modules de
              fibr\'{e}s semi-stables sur les courbes alg\'{e}briques},
   JOURNAL = {Invent. Math.},
  FJOURNAL = {Inventiones Mathematicae},
    VOLUME = {97},
      YEAR = {1989},
    NUMBER = {1},
     PAGES = {53--94},
   MRCLASS = {14C22 (14D22 14F05)},
  MRNUMBER = {999313},
MRREVIEWER = {P.\ E.\ Newstead},
       URL = {https://hal.science/hal-01158986},
}

@misc{belmans2023rigidity,
      title={Rigidity and Schofield's partial tilting conjecture for quiver moduli}, 
      author={Pieter Belmans and Ana-Maria Brecan and Hans Franzen and Gianni Petrella and Markus Reineke},
      year={2023},
      eprint={2311.17003},
      archivePrefix={arXiv},
}

@article{Franzen2015,
   title={Chow rings of fine quiver moduli are tautologically presented},
   author={Franzen, H.},
   volume={279},
   DOI={10.1007/s00209-015-1409-8},
   number={3-4},
   journal={Mathematische Zeitschrift},
   publisher={Springer Science and Business Media LLC},
   year={2015},
   month=jan, pages={1197-1223},
}

@misc{belmans2023chow,
      title={On Chow rings of quiver moduli}, 
      author={Pieter Belmans and Hans Franzen},
      year={2023},
      eprint={2307.01711},
      archivePrefix={arXiv},
}

@misc{reineke2014brauer,
      title={Brauer groups for quiver moduli}, 
      author={Markus Reineke and Stefan Schroeer},
      year={2014},
      eprint={1410.0466},
      archivePrefix={arXiv},
}

@article{Franzen2020,
   title={Fano quiver moduli},
   volume={64},
   DOI={10.4153/s0008439520001009},
   number={4},
   journal={Canadian Mathematical Bulletin},
   publisher={Canadian Mathematical Society},
   author={Franzen, Hans and Reineke, Markus and Sabatini, Silvia},
   year={2020},
   month=dec, pages={984-1000},
}

@article{MR3261979,
    AUTHOR = {Hoskins, Victoria},
     TITLE = {Stratifications associated to reductive group actions on
              affine spaces},
   JOURNAL = {Q. J. Math.},
  FJOURNAL = {The Quarterly Journal of Mathematics},
    VOLUME = {65},
      YEAR = {2014},
    NUMBER = {3},
     PAGES = {1011--1047},
  MRNUMBER = {3261979},
       DOI = {10.1093/qmath/hat046},
}

@article{MR3871820,
    AUTHOR = {Hoskins, Victoria},
     TITLE = {Stratifications for moduli of sheaves and moduli of quiver
              representations},
   JOURNAL = {Algebr. Geom.},
  FJOURNAL = {Algebraic Geometry},
    VOLUME = {5},
      YEAR = {2018},
    NUMBER = {6},
     PAGES = {650--685},
  MRNUMBER = {3871820},
       DOI = {10.14231/AG-2018-017},
}

@article{MR3327537,
    AUTHOR = {Halpern-Leistner, Daniel},
     TITLE = {The derived category of a {GIT} quotient},
   JOURNAL = {J. Amer. Math. Soc.},
  FJOURNAL = {Journal of the American Mathematical Society},
    VOLUME = {28},
      YEAR = {2015},
    NUMBER = {3},
     PAGES = {871--912},
  MRNUMBER = {3327537},
       DOI = {10.1090/S0894-0347-2014-00815-8},
}

@article {MR1974891,
    AUTHOR = {Reineke, Markus},
     TITLE = {The {H}arder-{N}arasimhan system in quantum groups and
              cohomology of quiver moduli},
   JOURNAL = {Invent. Math.},
  FJOURNAL = {Inventiones Mathematicae},
    VOLUME = {152},
      YEAR = {2003},
    NUMBER = {2},
     PAGES = {349--368},
  MRNUMBER = {1974891},
       DOI = {10.1007/s00222-002-0273-4},
}

@book{MR0766741,
    AUTHOR = {Kirwan, Frances Clare},
     TITLE = {Cohomology of quotients in symplectic and algebraic geometry},
    SERIES = {Mathematical Notes},
    VOLUME = {31},
 PUBLISHER = {Princeton University Press, Princeton, NJ},
      YEAR = {1984},
     PAGES = {i+211},
      ISBN = {0-691-08370-3},
  MRNUMBER = {766741},
       DOI = {10.2307/j.ctv10vm2m8},
}